<?xml version="1.0" encoding="UTF-8"?><collection xmlns="http://www.loc.gov/MARC21/slim"><record><leader>00443nam--2200157-i-4500</leader><controlfield tag="001">000011500</controlfield><controlfield tag="002">20161230</controlfield><controlfield tag="005">20161230201029</controlfield><controlfield tag="008">060222s1000------------r-----000-0-eng-d</controlfield><datafield ind1=" " ind2=" " tag="080"><subfield code="a">513.881</subfield></datafield><datafield ind1=" " ind2=" " tag="100"><subfield code="a">Barbu, V., Precupanu, Th</subfield></datafield><datafield ind1=" " ind2=" " tag="245"><subfield code="a">Convexitate si optimizare in spatii banach</subfield></datafield><datafield ind1=" " ind2=" " tag="260"><subfield code="a">Bucuresti, Ed.Academiei R.S.R., 1975. 251 P</subfield></datafield><datafield ind1=" " ind2=" " tag="490"><subfield code="a">Analiza Moderna Si Aplicatii</subfield></datafield><datafield ind1=" " ind2=" " tag="852"><subfield code="a">42628</subfield><subfield code="c">513</subfield></datafield><datafield ind1=" " ind2=" " tag="CAT"><subfield code="a">Sys</subfield><subfield code="c">20080528</subfield><subfield code="h">085533</subfield></datafield></record></collection>